@article{101017S,
  title     = {{Sketch-based interaction and modeling: where do we stand?}},
  volume    = {33},
  doi       = {10.1017/S0890060419000349},
  number    = {4},
  journal   = {Artificial Intelligence for Engineering Design, Analysis and Manufacturing},
  publisher = {Cambridge University Press},
  author    = {Bonnici, Alexandra and Akman, Alican and Calleja, Gabriel and Camilleri, Kenneth P. and Fehling, Patrick and Ferreira, Alfredo and Hermuth, Florian and Israel, Johann Habakuk and Landwehr, Tom and Liu, Juncheng and et al.},
  year      = {2019},
  pages     = {370-388}
}

@article{109781I,
  author  = {Costa, Ab'ilio and Pereira, João},
  year    = {2013},
  month   = {09},
  pages   = {23-30},
  title   = {{SketchyDynamics: A Library for the Development of Physics Simulation Applications with Sketch-Based Interfaces}},
  volume  = {2},
  journal = {International Journal of Interactive Multimedia and Artificial Intelligence},
  doi     = {10.9781/ijimai.2013.233}
}

@article{191016,
  author  = {Majeed, Mohamamd Abdel and Almousa, Tasneem and Alsalman, Maysaa and Yosef, Abeer},
  journal = {{Turkish Journal of Electrical Engineering and Computer Sciences}},
  number  = {4},
  title   = {{Sketic: a machine learning-based digital circuit recognition platform}},
  volume  = {28},
  year    = {2020},
  doi     = {10.3906/elk-1910-16}
}

@inproceedings{20090001,
  author    = {Shane W Zamora, Eyrún A. Eyjólfsdóttir},
  booktitle = {IUI Workshop on Sketch Recognition},
  title     = {{CircuitBoard: Sketch-Based Circuit Design and Analysis}},
  year      = {2009}
}

@article{3348837,
  author  = {Nichols, K.G. and Kazmierski, Tom and Zwolinski, Mark and Brown, Andrew},
  year    = {1994},
  month   = {09},
  pages   = {242 - 250},
  title   = {Overview of SPICE-like circuit simulation algorithms},
  volume  = {141},
  journal = {Circuits, Devices and Systems, IEE Proceedings -},
  doi     = {10.1049/ip-cds:19941246}
}

@inproceedings{4722231,
  author    = {Fang, Guisheng and Wang, Jianjun},
  booktitle = {2008 International Conference on Computer Science and Software Engineering},
  title     = {{An Interactive Sketching Modeling System: Sketch3D}},
  year      = {2008},
  volume    = {2},
  number    = {},
  pages     = {1049-1052},
  doi       = {10.1109/CSSE.2008.1439}
}

@inproceedings{5336490,
  author    = {Bergig, Oriel and Hagbi, Nate and El-Sana, Jihad and Billinghurst, Mark},
  booktitle = {2009 8th IEEE International Symposium on Mixed and Augmented Reality},
  title     = {{In-place 3D sketching for authoring and augmenting mechanical systems}},
  year      = {2009},
  volume    = {},
  number    = {},
  pages     = {87-94},
  doi       = {10.1109/ISMAR.2009.5336490}
}

 @inproceedings{5432817,
  author    = {Kadlec, Jaroslav and Popelka, Lukáš and Kuchta, Radek and Vrba, Radimír},
  booktitle = {{2010 Fourth International Conference on Digital Society}},
  title     = {{Internet Tool for Electronic Circuit Analysis}},
  year      = {2010},
  volume    = {},
  number    = {},
  pages     = {98-101},
  doi       = {10.1109/ICDS.2010.25}
}
‌
 @inproceedings{5460522,
  author    = {Pichiliani, Mauro C. and Hirata, Celso M.},
  booktitle = {2009 Simposio Brasileiro de Sistemas Colaborativos},
  title     = {{A Digital Ink Sketch-Based Application for Collaborative Design and Kinematic Simulation}},
  year      = {2009},
  volume    = {},
  number    = {},
  pages     = {1-9},
  doi       = {10.1109/SBSC.2009.9}
}

@inproceedings{6274802,
  author    = {Hu, Wenfeng and Qu, Zhouqing and Zhang, Xiaoyuan},
  booktitle = {2012 Fifth International Joint Conference on Computational Sciences and Optimization},
  title     = {A New Approach of Mechanics Simulation Based on Game Engine},
  year      = {2012},
  volume    = {},
  number    = {},
  pages     = {619-622},
  doi       = {10.1109/CSO.2012.141}
}
‌
@inproceedings{7965431,
  author    = {Sandberg, Anna Börjesson and Crnkovic, Ivica},
  booktitle = {2017 IEEE/ACM 39th International Conference on Software Engineering: Software Engineering in Practice Track (ICSE-SEIP)},
  title     = {Meeting Industry-Academia Research Collaboration Challenges with Agile Methodologies},
  year      = {2017},
  volume    = {},
  number    = {},
  pages     = {73-82},
  doi       = {10.1109/ICSE-SEIP.2017.20}
}

@article{8299595,
  author    = {IEEE},
  journal   = {IEEE Std 1800-2017 (Revision of IEEE Std 1800-2012)},
  title     = {{IEEE Standard for SystemVerilog--Unified Hardware Design, Specification, and Verification Language}},
  year      = {2018},
  volume    = {},
  number    = {},
  pages     = {1-1315},
  doi       = {10.1109/IEEESTD.2018.8299595},
  publisher = {IEEE}
}

@inbook{9155937,
  author    = {Alvarado, Christine and Kearney, Andy and Keizur, Alexa and Loncaric, Calvin and Parker, Miranda and Peck, Jessica and Sobel, Kiley and Tay, Fiona},
  year      = {2015},
  month     = {07},
  pages     = {83-90},
  title     = {{LogiSketch: A Free-Sketch Digital Circuit Design and Simulation System}},
  publisher = {IEE Proceedings - Circuits Devices and Systems},
  isbn      = {978-3-319-15593-7},
  doi       = {10.1007/978-3-319-15594-4_8}
}

@book{book:circuit-simulation,
  author    = {Farid N Najm},
  editor    = {},
  publisher = {{A John Wiley \& Sons, Inc}},
  title     = {{Circuit Simulation}},
  year      = {2010}
}

@mastersthesis{dreijer,
  author      = {Janto F. Dreijer},
  title       = {Interactive Recognition of Hand-drawn Circuit Diagrams},
  institution = {},
  school      = {University of Stellenbosch, Department of Electronic Engineering},
  year        = {2006},
  month       = {12}
}

@article{placeholder,
  author  = {Some Guy},
  title   = {Placeholder Citation},
  journal = {Non-existent Times},
  year    = {2022}
}

@misc{web:awrde,
  title   = {AWR Design Environment Platform},
  url     = {https://www.cadence.com/ko_KR/home/tools/system-analysis/rf-microwave-design/awr-design-environment-platform.html},
  journal = {www.cadence.com},
  author  = {Inc, Cadence Design Systems},
  year    = {2022}
}

@misc{web:cadence-pspice,
  author       = {Cadence Design Systems Inc},
  howpublished = {{Web Article}},
  title        = {{PSpice Reference Guide}},
  year         = {2000},
  url          = {https://www.seas.upenn.edu/~jan/spice/PSpice_ReferenceguideOrCAD.pdf}
}

@misc{web:ltspice,
  author       = {Analog Devices Inc},
  howpublished = {{Web Article}},
  title        = {{ LTspice simulator | Analog Devices }},
  url          = {https://www.analog.com/en/design-center/design-tools-and-calculators/ltspice-simulator.html},
  year         = {2022}
}

@misc{web:micro-cap,
  title        = {{ Software - Micro-Cap 12. Analog Simulation, Mixed Mode Simulation, and Digital Simulation Software. SPICE and Pspice® compatible circuit simulator.}},
  url          = {http://www.spectrum-soft.com/index.shtm},
  howpublished = {{Web Article}},
  journal      = {www.spectrum-soft.com}
}

@misc{web:simulink,
  author       = {Mathworks},
  howpublished = {{Web Article}},
  title        = {{Simulink - Simulation and Model Based Design - MATLAB \& Simulink}},
  url          = {https://uk.mathworks.com/products/simulink.html}
}

@misc{web:spice-algorithm,
  author       = {{eCircuit Center}},
  howpublished = {{Web Article}},
  title        = {{Spice Algorithm Overview}},
  year         = {2003},
  url          = {http://www.ecircuitcenter.com/SpiceTopics/Overview/Overview.htm}
}